@misc{wiiproject,
author = {Chung, J. L.},
title = {Wii Projects},
year = 2008,
howpublished = {\url{http://johnnylee.net/projects/wii/}}}

@misc{cachya,
author = "{Cachya Team}",
title = {Cachya Head Tracking Software},
year = 2008,
howpublished = {\url{http://www.cachya.com/esight/overview.php}}}

@misc{trackir,
author = "{NaturalPoint Software}",
title = {{TrackIR} 5},
year = 2008,
howpublished = {\url{http://www.cachya.com/esight/overview.php}}}

@misc{ehci,
author = {Baggio, D.},
title = {Enhanced Human-Computer Interfaces through Webcam Image Processing},
year = 2010,
howpublished = {\url{http://code.google.com/p/ehci/}}}

@misc{sonydisplay,
author = {Zyga, L.},
title = {Sony Unveils 360-Degree 3D Display},
year = 2009,
howpublished = {PhysOrg (\url{http://www.physorg.com/news175446089.html})}}

@INPROCEEDINGS{parallax, 
author={Toyama, K.}, 
booktitle={Systems, Man, and Cybernetics, 1999. IEEE SMC '99 Conference Proceedings. 1999 IEEE International Conference on}, 
title={Head parallax tracking for control of a virtual space: a comparison of algorithms}, 
year=1999, 
volume=6, 
pages={1 -- 6 vol.6},}

@ARTICLE{pose, 
author={Murphy-Chutorian, E. and Trivedi, M.M.}, 
journal={Pattern Analysis and Machine Intelligence, IEEE Transactions on}, title={Head Pose Estimation in Computer Vision: A Survey}, 
year={2009}, 
month={april }, 
volume={31}, 
number={4}, 
pages={607 -626}, 
keywords={computer vision;face detection;generic solution;human ability;image recognition;pose estimation;computer vision;pose estimation;Artificial Intelligence;Head;Humans;Nonlinear Dynamics;Video Recording;Visual Perception;}, 
doi={10.1109/TPAMI.2008.106}, 
ISSN={0162-8828},}

@ARTICLE{eyetracking,
   author = {{C}, H. and {Shastry}, K.~R. and {Ravindran}, M. and {Srikanth}, M.~V.~V.~N.~S. and 
	{Lakshmikhanth}, N.},
    title = "{Survey on Various Gesture Recognition Techniques for Interfacing Machines Based on Ambient Intelligence}",
  journal = {ArXiv e-prints},
archivePrefix = "arXiv",
   eprint = {1012.0084},
 primaryClass = "cs.AI",
 keywords = {Computer Science - Artificial Intelligence, Computer Science - Computer Vision and Pattern Recognition, Computer Science - Human-Computer Interaction, Computer Science - Robotics, 68-02},
     year = 2010,
    month = nov,
   adsurl = {http://adsabs.harvard.edu/abs/2010arXiv1012.0084C},
  adsnote = {Provided by the SAO/NASA Astrophysics Data System}
}
